% ------------------------------------
% References found in current document
% ------------------------------------

@misc{DON,
  author = "Wikipédia",
  title = "Donald Knuth --- Wikipédia{,} l'encyclopédie libre",
  year = "2024",
  url = "http://fr.wikipedia.org/w/index.php?title=Donald_Knuth&oldid=217187185",
  note = "[En ligne; Page disponible le 28-juillet-2024]"
}

@misc{LAMPORT,
  author = "Wikipédia",
  title = "Leslie Lamport --- Wikipédia{,} l'encyclopédie libre",
  year = "2024",
  url = "http://fr.wikipedia.org/w/index.php?title=Leslie_Lamport&oldid=212898072",
  note = "[En ligne; Page disponible le 29-février-2024]"
}

@misc{NATURE,
    author = {Nature Publishing Group},
    title = {For Authors: Nature},
    year = {2022},
    url = {https://www.nature.com/nature/for-authors/},
    note = {Accessed: 2024-11-05},
}
